%% This BibTeX bibliography file was created using BibDesk.
%% https://bibdesk.sourceforge.io/

%% Created for Laura Fernandez Arroyo at 2020-03-28 17:34:24 -0400 


%% Saved with string encoding Unicode (UTF-8) 



@article{mokari2018perceptual,
	Author = {Ghaffarvand Mokari, Payam and Werner, Stefan},
	Date-Added = {2020-03-28 16:51:53 -0400},
	Date-Modified = {2020-03-28 16:52:16 -0400},
	Journal = {Journal of psycholinguistic research},
	Number = {1},
	Pages = {95--112},
	Publisher = {Springer},
	Title = {Perceptual Training of Second-Language Vowels: Does Musical Ability Play a Role?},
	Volume = {47},
	Year = {2018}}

@inbook{zhu2015tone,
	Author = {Zhu, X. and Wang, C.},
	Chapter = {Tone},
	Date-Added = {2020-03-28 16:51:26 -0400},
	Date-Modified = {2020-03-28 17:34:16 -0400},
	Editor = {Wang, William SY and Sun, Chaofen},
	Publisher = {Oxford University Press},
	Title = {The Oxford handbook of Chinese linguistics},
	Year = {2015}}

@article{yu2017shared,
	Author = {Yu, Mengxia and Xu, Miao and Li, Xueting and Chen, Zhencai and Song, Yiying and Liu, Jia},
	Date-Added = {2020-03-28 16:51:10 -0400},
	Date-Modified = {2020-03-28 16:51:10 -0400},
	Journal = {Neuroscience},
	Pages = {208--219},
	Publisher = {Elsevier},
	Title = {The shared neural basis of music and language},
	Volume = {357},
	Year = {2017}}

@article{wong2007musical,
	Author = {Wong, Patrick CM and Skoe, Erika and Russo, Nicole M and Dees, Tasha and Kraus, Nina},
	Date-Added = {2020-03-28 16:50:57 -0400},
	Date-Modified = {2020-03-28 16:50:57 -0400},
	Journal = {Nature neuroscience},
	Number = {4},
	Pages = {420--422},
	Publisher = {Nature Publishing Group},
	Title = {Musical experience shapes human brainstem encoding of linguistic pitch patterns},
	Volume = {10},
	Year = {2007}}

@article{wiener2016constraints,
	Author = {Wiener, Seth and Turnbull, Rory},
	Date-Added = {2020-03-28 16:50:38 -0400},
	Date-Modified = {2020-03-28 16:50:38 -0400},
	Journal = {Language and speech},
	Number = {1},
	Pages = {59--82},
	Publisher = {SAGE Publications Sage UK: London, England},
	Title = {Constraints of tones, vowels and consonants on lexical selection in Mandarin Chinese},
	Volume = {59},
	Year = {2016}}

@article{vickie2010cross,
	Author = {Vickie, Y Yu and Andruski, Jean E},
	Date-Added = {2020-03-28 16:50:14 -0400},
	Date-Modified = {2020-03-28 16:50:14 -0400},
	Journal = {Journal of psycholinguistic research},
	Number = {4},
	Pages = {323--344},
	Publisher = {Springer},
	Title = {A cross-language study of perception of lexical stress in English},
	Volume = {39},
	Year = {2010}}

@article{van2015sensorimotor,
	Author = {van der Steen, MC Marieke and Jacoby, Nori and Fairhurst, Merle T and Keller, Peter E},
	Date-Added = {2020-03-28 16:49:56 -0400},
	Date-Modified = {2020-03-28 16:49:56 -0400},
	Journal = {Brain research},
	Pages = {66--87},
	Publisher = {Elsevier},
	Title = {Sensorimotor synchronization with tempo-changing auditory sequences: Modeling temporal adaptation and anticipation},
	Volume = {1626},
	Year = {2015}}

@article{tsukada2015perception,
	Author = {Tsukada, Kimiko and Xu, Hui Ling and Rattanasone, Nan Xu},
	Date-Added = {2020-03-28 16:49:27 -0400},
	Date-Modified = {2020-03-28 16:49:27 -0400},
	Journal = {Chinese as a Second Language Research},
	Number = {2},
	Pages = {141--161},
	Publisher = {De Gruyter},
	Title = {The perception of Mandarin lexical tones by listeners from different linguistic backgrounds},
	Volume = {4},
	Year = {2015}}

@article{tang2016musical,
	Author = {Tang, Wei and Xiong, Wen and Zhang, Yu-xuan and Dong, Qi and Nan, Yun},
	Date-Added = {2020-03-28 16:49:10 -0400},
	Date-Modified = {2020-03-28 16:49:10 -0400},
	Journal = {Neuropsychologia},
	Pages = {247--253},
	Publisher = {Elsevier},
	Title = {Musical experience facilitates lexical tone processing among Mandarin speakers: Behavioral and neural evidence},
	Volume = {91},
	Year = {2016}}

@article{swaminathan2018explaining,
	Author = {Swaminathan, Swathi and Schellenberg, E Glenn and Venkatesan, Kirthika},
	Date-Added = {2020-03-28 16:48:55 -0400},
	Date-Modified = {2020-03-28 16:48:55 -0400},
	Journal = {Journal of Experimental Psychology: Learning, Memory, and Cognition},
	Number = {6},
	Pages = {992},
	Publisher = {American Psychological Association},
	Title = {Explaining the association between music training and reading in adults.},
	Volume = {44},
	Year = {2018}}

@article{sun2018syntactic,
	Author = {Sun, Yanan and Lu, Xuejing and Ho, Hao Tam and Johnson, Blake W and Sammler, Daniela and Thompson, William Forde},
	Date-Added = {2020-03-28 16:48:40 -0400},
	Date-Modified = {2020-03-28 16:48:40 -0400},
	Journal = {NeuroImage: Clinical},
	Pages = {640--651},
	Publisher = {Elsevier},
	Title = {Syntactic processing in music and language: Parallel abnormalities observed in congenital amusia},
	Volume = {19},
	Year = {2018}}

@article{soto2001segmental,
	Author = {Soto-Faraco, S and Sebasti{\'a}n-Gall{\'e}s, N and Cutler, A},
	Date-Added = {2020-03-28 16:48:25 -0400},
	Date-Modified = {2020-03-28 16:48:25 -0400},
	Journal = {Journal of Memory and Language},
	Pages = {412--432},
	Title = {Segmental and suprasegmental cues for lexical access in Spanish},
	Volume = {45},
	Year = {2001}}

@article{sluijter1997spectral,
	Author = {Sluijter, Agaath MC and Van Heuven, Vincent J and Pacilly, Jos JA},
	Date-Added = {2020-03-28 16:48:07 -0400},
	Date-Modified = {2020-03-28 16:48:07 -0400},
	Journal = {The Journal of the Acoustical Society of America},
	Number = {1},
	Pages = {503--513},
	Publisher = {Acoustical Society of America},
	Title = {Spectral balance as a cue in the perception of linguistic stress},
	Volume = {101},
	Year = {1997}}

@article{sluijter1996spectral,
	Author = {Sluijter, Agaath MC and Van Heuven, Vincent J},
	Date-Added = {2020-03-28 16:47:53 -0400},
	Date-Modified = {2020-03-28 16:47:53 -0400},
	Journal = {The Journal of the Acoustical society of America},
	Number = {4},
	Pages = {2471--2485},
	Publisher = {Acoustical Society of America},
	Title = {Spectral balance as an acoustic correlate of linguistic stress},
	Volume = {100},
	Year = {1996}}

@article{slevc2006individual,
	Author = {Slevc, L Robert and Miyake, Akira},
	Date-Added = {2020-03-28 16:47:31 -0400},
	Date-Modified = {2020-03-28 16:47:31 -0400},
	Journal = {Psychological science},
	Number = {8},
	Pages = {675--681},
	Publisher = {SAGE Publications Sage CA: Los Angeles, CA},
	Title = {Individual differences in second-language proficiency: Does musical ability matter?},
	Volume = {17},
	Year = {2006}}

@article{sereno2015contribution,
	Author = {Sereno, Joan A and Lee, Hyunjung},
	Date-Added = {2020-03-28 16:47:15 -0400},
	Date-Modified = {2020-03-28 16:47:15 -0400},
	Journal = {Language and Speech},
	Number = {2},
	Pages = {131--151},
	Publisher = {Sage Publications Sage UK: London, England},
	Title = {The contribution of segmental and tonal information in Mandarin spoken word processing},
	Volume = {58},
	Year = {2015}}

@article{schwab2016use,
	Author = {Schwab, Sandra and Dellwo, Volker},
	Date-Added = {2020-03-28 16:46:56 -0400},
	Date-Modified = {2020-03-28 16:46:56 -0400},
	Publisher = {University of Zurich},
	Title = {The use of the Odd-One-Out task in the study of the perception of lexical stress in Spanish by German-speaking listeners?},
	Year = {2016}}

@article{sammler2013syntax,
	Author = {Sammler, Daniela and Novembre, Giacomo and Koelsch, Stefan and Keller, Peter E},
	Date-Added = {2020-03-28 16:46:31 -0400},
	Date-Modified = {2020-03-28 16:46:31 -0400},
	Journal = {Cortex},
	Number = {5},
	Pages = {1325--1339},
	Publisher = {Elsevier},
	Title = {Syntax in a pianist's hand: ERP signatures of ``embodied'' syntax processing in music},
	Volume = {49},
	Year = {2013}}

@article{salimpoor2015predictions,
	Author = {Salimpoor, Valorie N and Zald, David H and Zatorre, Robert J and Dagher, Alain and McIntosh, Anthony Randal},
	Date-Added = {2020-03-28 16:46:12 -0400},
	Date-Modified = {2020-03-28 16:46:12 -0400},
	Journal = {Trends in cognitive sciences},
	Number = {2},
	Pages = {86--91},
	Publisher = {Elsevier},
	Title = {Predictions and the brain: how musical sounds become rewarding},
	Volume = {19},
	Year = {2015}}

@article{persici2019rhythmic,
	Author = {Persici, Valentina and Stucchi, Natale and Arosio, Fabrizio},
	Date-Added = {2020-03-28 16:45:51 -0400},
	Date-Modified = {2020-03-28 16:45:51 -0400},
	Publisher = {Cascadilla Press},
	Title = {Rhythmic and Morphosyntactic Predictions: The Anticipation Abilities of Italian Children with Developmental Dyslexia},
	Year = {2019}}

@article{perdomo2019prosodic,
	Author = {Perdomo, Michelle and Kaan, Edith},
	Date-Added = {2020-03-28 16:45:37 -0400},
	Date-Modified = {2020-03-28 16:45:37 -0400},
	Journal = {Second Language Research},
	Pages = {0267658319879196},
	Publisher = {SAGE Publications Sage UK: London, England},
	Title = {Prosodic cues in second-language speech processing: A visual world eye-tracking study},
	Year = {2019}}

@article{patel2008speech,
	Author = {Patel, Aniruddh D and Wong, Meredith and Foxton, Jessica and Lochy, Aliette and Peretz, Isabelle},
	Date-Added = {2020-03-28 16:45:16 -0400},
	Date-Modified = {2020-03-28 16:45:16 -0400},
	Journal = {Music Perception: An Interdisciplinary Journal},
	Number = {4},
	Pages = {357--368},
	Publisher = {University of California Press Journals},
	Title = {Speech intonation perception deficits in musical tone deafness (congenital amusia)},
	Volume = {25},
	Year = {2008}}

@article{ortega2009perception,
	Author = {Ortega-Llebaria, Marta and Prieto, Pilar},
	Date-Added = {2020-03-28 16:44:59 -0400},
	Date-Modified = {2020-03-28 16:44:59 -0400},
	Journal = {Phonetics and phonology: Interactions and interrelations},
	Pages = {35},
	Publisher = {John Benjamins Publishing},
	Title = {Perception of word stress in Castilian Spanish},
	Volume = {306},
	Year = {2009}}

@article{ortega2007disentangling,
	Author = {Ortega-Llebaria, Marta and Prieto, Pilar},
	Date-Added = {2020-03-28 16:44:45 -0400},
	Date-Modified = {2020-03-28 16:44:45 -0400},
	Journal = {Amsterdam Studies in the Theory and History of Linguistic Science Series 4},
	Pages = {155},
	Publisher = {Amsterdam; Philadelphia; J. Benjamins Pub. Co; 1999},
	Title = {Disentangling stress from accent in Spanish: Production patterns of the stress contrast in deaccented syllables},
	Volume = {282},
	Year = {2007}}

@article{ortega2013english,
	Author = {Ortega-Llebaria, Marta and Gu, Hong and Fan, Jieyu},
	Date-Added = {2020-03-28 16:44:24 -0400},
	Date-Modified = {2020-03-28 16:44:24 -0400},
	Journal = {Journal of Phonetics},
	Number = {3-4},
	Pages = {186--197},
	Publisher = {Elsevier},
	Title = {English speakers' perception of Spanish lexical stress: Context-driven L2 stress perception},
	Volume = {41},
	Year = {2013}}

@inproceedings{ortega2006phonetic,
	Author = {Ortega-Llebaria, Marta},
	Booktitle = {Selected proceedings of the 2nd conference on laboratory approaches to spanish phonetics and phonology},
	Date-Added = {2020-03-28 16:44:07 -0400},
	Date-Modified = {2020-03-28 16:44:07 -0400},
	Organization = {Cascadilla Proceedings Project Somerville, MA},
	Pages = {104--118},
	Title = {Phonetic cues to stress and accent in Spanish},
	Year = {2006}}

@article{nozaradan2016individual,
	Author = {Nozaradan, Sylvie and Peretz, Isabelle and Keller, Peter E},
	Date-Added = {2020-03-28 16:43:51 -0400},
	Date-Modified = {2020-03-28 16:43:51 -0400},
	Journal = {Scientific Reports},
	Pages = {20612},
	Publisher = {Nature Publishing Group},
	Title = {Individual differences in rhythmic cortical entrainment correlate with predictive behavior in sensorimotor synchronization},
	Volume = {6},
	Year = {2016}}

@article{ngo2016effects,
	Author = {Ngo, Mary Kim and Vu, Kim-Phuong L and Strybel, Thomas Z},
	Date-Added = {2020-03-28 16:43:33 -0400},
	Date-Modified = {2020-03-28 16:43:33 -0400},
	Journal = {The American journal of psychology},
	Number = {2},
	Pages = {125--134},
	Publisher = {JSTOR},
	Title = {Effects of music and tonal language experience on relative pitch performance},
	Volume = {129},
	Year = {2016}}

@article{musacchia2007musicians,
	Author = {Musacchia, Gabriella and Sams, Mikko and Skoe, Erika and Kraus, Nina},
	Date-Added = {2020-03-28 16:43:10 -0400},
	Date-Modified = {2020-03-28 16:43:10 -0400},
	Journal = {Proceedings of the National Academy of Sciences},
	Number = {40},
	Pages = {15894--15898},
	Publisher = {National Acad Sciences},
	Title = {Musicians have enhanced subcortical auditory and audiovisual processing of speech and music},
	Volume = {104},
	Year = {2007}}

@article{morrison2009cultural,
	Author = {Morrison, Steven J and Demorest, Steven M},
	Date-Added = {2020-03-28 16:42:54 -0400},
	Date-Modified = {2020-03-28 16:42:54 -0400},
	Journal = {Progress in brain research},
	Pages = {67--77},
	Publisher = {Elsevier},
	Title = {Cultural constraints on music perception and cognition},
	Volume = {178},
	Year = {2009}}

@article{mok2009syllable,
	Author = {Mok, Peggy},
	Date-Added = {2020-03-28 16:42:36 -0400},
	Date-Modified = {2020-03-28 16:42:36 -0400},
	Journal = {Chinese Journal of Phonetics},
	Pages = {148--154},
	Title = {On the syllable-timing of Cantonese and Beijing Mandarin},
	Volume = {2},
	Year = {2009}}

@article{miyake2004two,
	Author = {Miyake, Yoshihiro and Onishi, Yohei and Poppel, Ernst},
	Date-Added = {2020-03-28 16:42:13 -0400},
	Date-Modified = {2020-03-28 16:42:13 -0400},
	Journal = {Acta neurobiologiae experimentalis},
	Number = {3},
	Pages = {415--426},
	Publisher = {Warsaw; Nencki Institute of Experimental Biology; 1999},
	Title = {Two types of anticipation in synchronization tapping},
	Volume = {64},
	Year = {2004}}

@article{martinez2014pitch,
	Author = {Mart{\'\i}nez-Castilla, Pastora and Sotillo, Mar{\'\i}a},
	Date-Added = {2020-03-28 16:41:28 -0400},
	Date-Modified = {2020-03-28 16:41:28 -0400},
	Journal = {Brain sciences},
	Number = {2},
	Pages = {376--395},
	Publisher = {Multidisciplinary Digital Publishing Institute},
	Title = {Pitch processing in children with Williams syndrome: Relationships between music and prosody skills},
	Volume = {4},
	Year = {2014}}

@article{marques2007musicians,
	Author = {Marques, Carlos and Moreno, Sylvain and Lu{\'\i}s Castro, S{\~a}o and Besson, Mireille},
	Date-Added = {2020-03-28 16:41:00 -0400},
	Date-Modified = {2020-03-28 16:41:00 -0400},
	Journal = {Journal of Cognitive Neuroscience},
	Number = {9},
	Pages = {1453--1463},
	Publisher = {MIT Press},
	Title = {Musicians detect pitch violation in a foreign language better than nonmusicians: behavioral and electrophysiological evidence},
	Volume = {19},
	Year = {2007}}

@article{malins2010roles,
	Author = {Malins, Jeffrey G and Joanisse, Marc F},
	Date-Added = {2020-03-28 16:40:38 -0400},
	Date-Modified = {2020-03-28 16:40:38 -0400},
	Journal = {Journal of Memory and Language},
	Number = {4},
	Pages = {407--420},
	Publisher = {Elsevier},
	Title = {The roles of tonal and segmental information in Mandarin spoken word recognition: An eyetracking study},
	Volume = {62},
	Year = {2010}}

@article{magne2006musician,
	Author = {Magne, Cyrille and Sch{\"o}n, Daniele and Besson, Mireille},
	Date-Added = {2020-03-28 16:40:07 -0400},
	Date-Modified = {2020-03-28 16:40:07 -0400},
	Journal = {Journal of cognitive neuroscience},
	Number = {2},
	Pages = {199--211},
	Publisher = {MIT Press},
	Title = {Musician children detect pitch violations in both music and language better than nonmusician children: behavioral and electrophysiological approaches},
	Volume = {18},
	Year = {2006}}

@article{loui2007harmonic,
	Author = {Loui, Psyche and Wessel, David},
	Date-Added = {2020-03-28 16:39:47 -0400},
	Date-Modified = {2020-03-28 16:39:47 -0400},
	Journal = {Perception \& psychophysics},
	Number = {7},
	Pages = {1084--1092},
	Publisher = {Springer},
	Title = {Harmonic expectation and affect in Western music: Effects of attention and training},
	Volume = {69},
	Year = {2007}}

@article{lord2007role,
	Author = {Lord, Gillian},
	Date-Added = {2020-03-28 16:39:26 -0400},
	Date-Modified = {2020-03-28 16:39:26 -0400},
	Journal = {Applied language learning},
	Number = {1/2},
	Pages = {1},
	Publisher = {Citeseer},
	Title = {The role of the lexicon in learning second language stress patterns},
	Volume = {17},
	Year = {2007}}

@article{lin2007mandarin,
	Author = {Lin, H. 林华 and 王倩 Wang, Q.},
	Date-Added = {2020-03-28 16:38:31 -0400},
	Date-Modified = {2020-03-28 16:39:07 -0400},
	Journal = {Journal of chinese language and computing},
	Number = {3},
	Pages = {127--140},
	Title = {Mandarin rhythm: An acoustic study},
	Volume = {17},
	Year = {2007}}

@article{li2017effects,
	Author = {Li, Xinxin and To, Carol Kit Sum and Ng, Manwa Lawrence},
	Date-Added = {2020-03-28 16:38:02 -0400},
	Date-Modified = {2020-03-28 16:38:02 -0400},
	Journal = {Bilingualism: Language and cognition},
	Number = {3},
	Pages = {549--560},
	Publisher = {Cambridge University Press},
	Title = {Effects of L1 tone on perception of L2 tone-a study of Mandarin tone learning by native Cantonese children},
	Volume = {20},
	Year = {2017}}

@article{lebedeva2010sing,
	Author = {Lebedeva, Gina C and Kuhl, Patricia K},
	Date-Added = {2020-03-28 16:37:41 -0400},
	Date-Modified = {2020-03-28 16:37:41 -0400},
	Journal = {Infant behavior and development},
	Number = {4},
	Pages = {419--430},
	Publisher = {Elsevier},
	Title = {Sing that tune: Infants' perception of melody and lyrics and the facilitation of phonetic recognition in songs},
	Volume = {33},
	Year = {2010}}

@article{lagrois2019poor,
	Author = {Lagrois, Marie-{\'E}laine and Palmer, Caroline and Peretz, Isabelle},
	Date-Added = {2020-03-28 16:37:24 -0400},
	Date-Modified = {2020-03-28 16:37:24 -0400},
	Journal = {Brain sciences},
	Number = {7},
	Pages = {157},
	Publisher = {Multidisciplinary Digital Publishing Institute},
	Title = {Poor Synchronization to Musical Beat Generalizes to Speech},
	Volume = {9},
	Year = {2019}}

@article{koelsch2005towards,
	Author = {Koelsch, Stefan and Siebel, Walter A},
	Date-Added = {2020-03-28 16:37:08 -0400},
	Date-Modified = {2020-03-28 16:37:08 -0400},
	Journal = {Trends in cognitive sciences},
	Number = {12},
	Pages = {578--584},
	Publisher = {Elsevier},
	Title = {Towards a neural basis of music perception},
	Volume = {9},
	Year = {2005}}

@article{jentschke2014neural,
	Author = {Jentschke, Sebastian and Friederici, Angela D and Koelsch, Stefan},
	Date-Added = {2020-03-28 16:35:41 -0400},
	Date-Modified = {2020-03-28 16:35:41 -0400},
	Journal = {Developmental Cognitive Neuroscience},
	Pages = {200--208},
	Publisher = {Elsevier},
	Title = {Neural correlates of music-syntactic processing in two-year old children},
	Volume = {9},
	Year = {2014}}

@article{iversen2015synchronization,
	Author = {Iversen, John R and Patel, Aniruddh D and Nicodemus, Brenda and Emmorey, Karen},
	Date-Added = {2020-03-28 16:35:20 -0400},
	Date-Modified = {2020-03-28 16:35:20 -0400},
	Journal = {Cognition},
	Pages = {232--244},
	Publisher = {Elsevier},
	Title = {Synchronization to auditory and visual rhythms in hearing and deaf individuals},
	Volume = {134},
	Year = {2015}}

@book{hualde2005sounds,
	Author = {Hualde, Jos{\'e} Ignacio},
	Date-Added = {2020-03-28 16:31:43 -0400},
	Date-Modified = {2020-03-28 16:31:43 -0400},
	Publisher = {Cambridge University Press},
	Title = {The sounds of Spanish with audio CD},
	Year = {2005}}

@article{hu2012dissociation,
	Author = {Hu, Jiehui and Gao, Shan and Ma, Weiyi and Yao, Dezhong},
	Date-Added = {2020-03-28 16:31:26 -0400},
	Date-Modified = {2020-03-28 16:31:26 -0400},
	Journal = {Psychophysiology},
	Number = {9},
	Pages = {1179--1190},
	Publisher = {Wiley Online Library},
	Title = {Dissociation of tone and vowel processing in M andarin idioms},
	Volume = {49},
	Year = {2012}}

@article{grabe2002durational,
	Author = {Grabe, Esther and Low, Ee Ling},
	Date-Added = {2020-03-28 16:31:04 -0400},
	Date-Modified = {2020-03-28 16:31:04 -0400},
	Journal = {Papers in laboratory phonology},
	Number = {515-546},
	Title = {Durational variability in speech and the rhythm class hypothesis},
	Volume = {7},
	Year = {2002}}

@article{gordon2017acoustic,
	Author = {Gordon, Matthew and Roettger, Timo},
	Date-Added = {2020-03-28 16:30:46 -0400},
	Date-Modified = {2020-03-28 16:30:46 -0400},
	Journal = {Linguistics Vanguard},
	Number = {1},
	Publisher = {De Gruyter},
	Title = {Acoustic correlates of word stress: A cross-linguistic survey},
	Volume = {3},
	Year = {2017}}

@article{gandour1978perception,
	Author = {Gandour, Jackson T and FROMKIN, VA},
	Date-Added = {2020-03-28 16:00:41 -0400},
	Date-Modified = {2020-03-28 16:00:41 -0400},
	Title = {The Perception of Tone in Tone: A Linguistic Survey.},
	Year = {1978}}

@incollection{fry1965dependence,
	Author = {Fry, Dennis B},
	Booktitle = {Phonetic Sciences},
	Date-Added = {2020-03-28 16:00:19 -0400},
	Date-Modified = {2020-03-28 16:00:19 -0400},
	Pages = {306--311},
	Publisher = {Karger Publishers},
	Title = {The dependence of stress judgments on vowel formant structure},
	Year = {1965}}

@article{fry1958experiments,
	Author = {Fry, Dennis B},
	Date-Added = {2020-03-28 16:00:07 -0400},
	Date-Modified = {2020-03-28 16:00:07 -0400},
	Journal = {Language and speech},
	Number = {2},
	Pages = {126--152},
	Publisher = {SAGE Publications Sage UK: London, England},
	Title = {Experiments in the perception of stress},
	Volume = {1},
	Year = {1958}}

@article{fry1955duration,
	Author = {Fry, Dennis B},
	Date-Added = {2020-03-28 15:59:55 -0400},
	Date-Modified = {2020-03-28 15:59:55 -0400},
	Journal = {The Journal of the Acoustical Society of America},
	Number = {4},
	Pages = {765--768},
	Publisher = {Acoustical Society of America},
	Title = {Duration and intensity as physical correlates of linguistic stress},
	Volume = {27},
	Year = {1955}}

@article{fraisse2012anticipation,
	Author = {Fraisse, Paul and Repp, Bruno H},
	Date-Added = {2020-03-28 15:59:31 -0400},
	Date-Modified = {2020-03-28 15:59:31 -0400},
	Journal = {Psychomusicology: Music, Mind, and Brain},
	Number = {1},
	Pages = {84},
	Publisher = {Educational Publishing Foundation},
	Title = {Anticipation of rhythmic stimuli: Speed of establishment and precision of synchronization (1966).},
	Volume = {22},
	Year = {2012}}

@article{fraisse1949aptitudes,
	Author = {Fraisse, Paul and Pichot, Pierre and Clairouin, G},
	Date-Added = {2020-03-28 15:59:15 -0400},
	Date-Modified = {2020-03-28 15:59:15 -0400},
	Journal = {Journal de Psychologie Normale et pathologique},
	Publisher = {Presses Universitaires de France},
	Title = {Les aptitudes rythmiques. Etude compar{\'e}e des oligophrenes et des enfants normaux.},
	Year = {1949}}

@article{face2006cognitive,
	Author = {Face, Timothy L},
	Date-Added = {2020-03-28 15:58:44 -0400},
	Date-Modified = {2020-03-28 15:58:44 -0400},
	Journal = {Linguistics},
	Number = {6},
	Pages = {1237--1267},
	Publisher = {Walter de Gruyter},
	Title = {Cognitive factors in the perception of Spanish stress placement: Implications for a model of speech perception},
	Volume = {44},
	Year = {2006}}

@phdthesis{dilley2005phonetics,
	Author = {Dilley, Laura Christine},
	Date-Added = {2020-03-28 15:58:27 -0400},
	Date-Modified = {2020-03-28 15:58:27 -0400},
	School = {Massachusetts Institute of Technology},
	Title = {The phonetics and phonology of tonal systems},
	Year = {2005}}

@article{deutsch2009absolute,
	Author = {Deutsch, Diana and Dooley, Kevin and Henthorn, Trevor and Head, Brian},
	Date-Added = {2020-03-28 15:58:07 -0400},
	Date-Modified = {2020-03-28 15:58:07 -0400},
	Journal = {The Journal of the Acoustical Society of America},
	Number = {4},
	Pages = {2398--2403},
	Publisher = {Acoustical Society of America},
	Title = {Absolute pitch among students in an American music conservatory: Association with tone language fluency},
	Volume = {125},
	Year = {2009}}

@article{dege2011effect,
	Author = {Deg{\'e}, Franziska and Schwarzer, Gudrun},
	Date-Added = {2020-03-28 15:57:53 -0400},
	Date-Modified = {2020-03-28 15:57:53 -0400},
	Journal = {Frontiers in psychology},
	Pages = {124},
	Publisher = {Frontiers},
	Title = {The effect of a music program on phonological awareness in preschoolers},
	Volume = {2},
	Year = {2011}}

@article{cutler1986forbear,
	Author = {Cutler, Anne},
	Date-Added = {2020-03-28 15:57:33 -0400},
	Date-Modified = {2020-03-28 15:57:33 -0400},
	Journal = {Language and speech},
	Number = {3},
	Pages = {201--220},
	Publisher = {SAGE Publications Sage UK: London, England},
	Title = {Forbear is a homophone: Lexical prosody does not constrain lexical access},
	Volume = {29},
	Year = {1986}}

@article{cooper2002constraints,
	Author = {Cooper, Nicole and Cutler, Anne and Wales, Roger},
	Date-Added = {2020-03-28 15:57:12 -0400},
	Date-Modified = {2020-03-28 15:57:12 -0400},
	Journal = {Language and speech},
	Number = {3},
	Pages = {207--228},
	Publisher = {SAGE Publications Sage UK: London, England},
	Title = {Constraints of lexical stress on lexical access in English: Evidence from native and non-native listeners},
	Volume = {45},
	Year = {2002}}

@book{colantoni2015second,
	Author = {Colantoni, Laura and Steele, Jeffrey and Escudero, Paola and Neyra, Paola Roc{\'\i}o Escudero},
	Date-Added = {2020-03-28 15:56:58 -0400},
	Date-Modified = {2020-03-28 15:56:58 -0400},
	Publisher = {Cambridge University Press},
	Title = {Second language speech},
	Year = {2015}}

@inproceedings{chua2014effect,
	Author = {Chua, Abigail J and Brunt, Jason},
	Booktitle = {Proceedings of Meetings on Acoustics 167ASA},
	Date-Added = {2020-03-28 15:55:42 -0400},
	Date-Modified = {2020-03-28 15:55:42 -0400},
	Number = {1},
	Organization = {Acoustical Society of America},
	Pages = {060009},
	Title = {Effect of musical experience on tonal language perception},
	Volume = {21},
	Year = {2014}}

@article{chan2019lexical,
	Author = {Chan, Ricky KW and Leung, Janny HC},
	Date-Added = {2020-03-28 15:54:33 -0400},
	Date-Modified = {2020-03-28 15:54:33 -0400},
	Journal = {Studies in Second Language Acquisition},
	Pages = {1--27},
	Publisher = {Cambridge University Press},
	Title = {WHY ARE LEXICAL TONES DIFFICULT TO LEARN?: INSIGHTS FROM THE INCIDENTAL LEARNING OF TONE-SEGMENT CONNECTIONS},
	Year = {2019}}

@article{cason2012rhythmic,
	Author = {Cason, Nia and Sch{\"o}n, Daniele},
	Date-Added = {2020-03-28 15:53:49 -0400},
	Date-Modified = {2020-03-28 15:53:49 -0400},
	Journal = {Neuropsychologia},
	Number = {11},
	Pages = {2652--2658},
	Publisher = {Elsevier},
	Title = {Rhythmic priming enhances the phonological processing of speech},
	Volume = {50},
	Year = {2012}}

@article{cason2019rhythmic,
	Author = {Cason, Nia and Marmursztejn, Muriel and D'Imperio, Mariapaola and Sch{\"o}n, Daniele},
	Date-Added = {2020-03-28 15:53:21 -0400},
	Date-Modified = {2020-03-28 15:53:21 -0400},
	Journal = {Language and speech},
	Pages = {0023830919826334},
	Publisher = {SAGE Publications Sage UK: London, England},
	Title = {Rhythmic Abilities Correlate with L2 Prosody Imitation Abilities in Typologically Different Languages},
	Year = {2019}}

@article{carr2014beat,
	Author = {Carr, Kali Woodruff and White-Schwoch, Travis and Tierney, Adam T and Strait, Dana L and Kraus, Nina},
	Date-Added = {2020-03-28 15:53:03 -0400},
	Date-Modified = {2020-03-28 15:53:03 -0400},
	Journal = {Proceedings of the National Academy of Sciences},
	Number = {40},
	Pages = {14559--14564},
	Publisher = {National Acad Sciences},
	Title = {Beat synchronization predicts neural speech encoding and reading readiness in preschoolers},
	Volume = {111},
	Year = {2014}}

@article{bidelman2013tone,
	Author = {Bidelman, Gavin M and Hutka, Stefanie and Moreno, Sylvain},
	Date-Added = {2020-03-28 15:52:41 -0400},
	Date-Modified = {2020-03-28 15:52:41 -0400},
	Journal = {PloS one},
	Number = {4},
	Publisher = {Public Library of Science},
	Title = {Tone language speakers and musicians share enhanced perceptual and cognitive abilities for musical pitch: evidence for bidirectionality between the domains of language and music},
	Volume = {8},
	Year = {2013}}

@article{bhatara2015foreign,
	Author = {Bhatara, Anjali and Yeung, H Henny and Nazzi, Thierry},
	Date-Added = {2020-03-28 15:52:21 -0400},
	Date-Modified = {2020-03-28 15:52:21 -0400},
	Journal = {Journal of Experimental Psychology: Human Perception and Performance},
	Number = {2},
	Pages = {277},
	Publisher = {American Psychological Association},
	Title = {Foreign language learning in French speakers is associated with rhythm perception, but not with melody perception.},
	Volume = {41},
	Year = {2015}}

@book{beckman1986stress,
	Author = {Beckman, Mary E},
	Date-Added = {2020-03-28 15:52:01 -0400},
	Date-Modified = {2020-03-28 17:10:35 -0400},
	Publisher = {Walter de Gruyter},
	Title = {Stress and non-stress accent},
	Volume = {7},
	Year = {1986}}

@article{bartlett1959synchronization,
	Author = {Bartlett, Neil R and Bartlett, Susan C},
	Date-Added = {2020-03-28 15:51:24 -0400},
	Date-Modified = {2020-03-28 15:51:24 -0400},
	Journal = {Psychological review},
	Number = {4},
	Pages = {203},
	Publisher = {American Psychological Association},
	Title = {Synchronization of a motor response with an anticipated sensory event.},
	Volume = {66},
	Year = {1959}}

@article{anvari2002relations,
	Author = {Anvari, Sima H and Trainor, Laurel J and Woodside, Jennifer and Levy, Betty Ann},
	Date-Added = {2020-03-28 15:51:04 -0400},
	Date-Modified = {2020-03-28 15:51:04 -0400},
	Journal = {Journal of experimental child psychology},
	Number = {2},
	Pages = {111--130},
	Publisher = {Elsevier},
	Title = {Relations among musical skills, phonological processing, and early reading ability in preschool children},
	Volume = {83},
	Year = {2002}}

@article{martin1972rhythmic,
	Author = {Martin, James G},
	Date-Added = {2020-03-28 15:39:51 -0400},
	Date-Modified = {2020-03-28 15:39:51 -0400},
	Publisher = {American Psychological Association},
	Title = {Rhythmic (hierarchical) versus serial structure in speech and other behavior.},
	Year = {1972}}

@inbook{fraisse2013rhythm,
	Author = {Fraisse, P.},
	Chapter = {Rhythm and tempo},
	Date-Added = {2020-03-28 15:37:22 -0400},
	Date-Modified = {2020-03-28 15:39:16 -0400},
	Editor = {Deutsch, Diana},
	Publisher = {Elsevier},
	Title = {Psychology of music},
	Year = {2013}}

@article{berlyne1971aesthetics,
	Author = {Berlyne, Daniel E},
	Date-Added = {2020-03-28 15:34:51 -0400},
	Date-Modified = {2020-03-28 15:35:14 -0400},
	Title = {Aesthetics and psychobiology},
	Year = {1971}}

@article{pearce2005selected,
	Author = {Pearce, JMS},
	Date-Added = {2020-03-28 15:30:11 -0400},
	Date-Modified = {2020-03-28 15:30:11 -0400},
	Journal = {European neurology},
	Number = {3},
	Pages = {145--148},
	Publisher = {Karger Publishers},
	Title = {Selected observations on amusia},
	Volume = {54},
	Year = {2005}}

@incollection{klapuri2006introduction,
	Author = {Klapuri, Anssi},
	Booktitle = {Signal processing methods for music transcription},
	Date-Added = {2020-03-28 15:28:17 -0400},
	Date-Modified = {2020-03-28 15:28:17 -0400},
	Pages = {3--20},
	Publisher = {Springer},
	Title = {Introduction to music transcription},
	Year = {2006}}

@article{chao1968grammar,
	Author = {Chao, Yuen Ren},
	Date-Added = {2020-03-28 15:20:52 -0400},
	Date-Modified = {2020-03-28 15:22:41 -0400},
	Publisher = {ERIC},
	Title = {A grammar of spoken Chinese.},
	Year = {1968}}

@article{schremm2016implicit,
	Author = {Schremm, Andrea and S{\"o}derstr{\"o}m, Pelle and Horne, Merle and Roll, Mikael},
	Date-Added = {2019-10-11 15:43:17 -0400},
	Date-Modified = {2019-10-11 15:43:17 -0400},
	Journal = {The Mental Lexicon},
	Number = {1},
	Pages = {55--75},
	Publisher = {John Benjamins},
	Title = {Implicit acquisition of tone-suffix connections in L2 learners of Swedish},
	Volume = {11},
	Year = {2016}}

@manual{R-base,
	Address = {Vienna, Austria},
	Author = {{R Core Team}},
	Organization = {R Foundation for Statistical Computing},
	Title = {R: A Language and Environment for Statistical Computing},
	Url = {https://www.R-project.org/},
	Year = {2019},
	Bdsk-Url-1 = {https://www.R-project.org/}}

@manual{R-papaja,
	Author = {Frederik Aust and Marius Barth},
	Note = {R package version 0.1.0.9942},
	Title = {{papaja}: {Create} {APA} manuscripts with {R Markdown}},
	Url = {https://github.com/crsh/papaja},
	Year = {2020},
	Bdsk-Url-1 = {https://github.com/crsh/papaja}}
